@article{hough_circle,
  title={Circular object detection using a modified Hough transform},
  author={Smereka, Marcin and Duleba, Ignacy},
  journal={International Journal of Applied Mathematics and Computer Science},
  volume={18},
  number={1},
  pages={85},
  year={2008},
  publisher={De Gruyter Open Sp. z oo}
}


